<collection xmlns="http://www.loc.gov/MARC21/slim">
<record>
  <leader>00538na 0a22001331i 450 </leader>
  <controlfield tag="001">IT\ICCU\CNCE\066054</controlfield>
  <controlfield tag="005">20060809000000.0</controlfield>
  <datafield tag="100" ind1=" " ind2=" ">
    <subfield code="a">20060809             0itac0103    ba</subfield>
  </datafield>
  <datafield tag="101" ind1=" " ind2=" ">
    <subfield code="a">ITA</subfield>
  </datafield>
  <datafield tag="200" ind1="1" ind2=" ">
    <subfield code="a">Compendio delle regole contenute ne gli eccellentiss. autori che de&apos; bagni di Caldiero nel territorio veronese hanno scritto</subfield>
  </datafield>
  <datafield tag="700" ind1=" " ind2="1">
    <subfield code="a">Minardi,</subfield>
    <subfield code="b">Ventura</subfield>
    <subfield code="3">IT\ICCU\CNCA\009087</subfield>
  </datafield>
  <datafield tag="790" ind1=" " ind2="1">
    <subfield code="a">Minardo,</subfield>
    <subfield code="b">Ventura</subfield>
    <subfield code="3">IT\ICCU\CNCA\021132</subfield>
    <subfield code="z">Minardi, Ventura</subfield>
  </datafield>
  <datafield tag="790" ind1=" " ind2="1">
    <subfield code="a">Minardus,</subfield>
    <subfield code="b">Ventura</subfield>
    <subfield code="3">IT\ICCU\CNCA\024304</subfield>
    <subfield code="z">Minardi, Ventura</subfield>
  </datafield>
  <datafield tag="801" ind1=" " ind2="3">
    <subfield code="a">IT</subfield>
    <subfield code="b">ICCU</subfield>
    <subfield code="c">20201115</subfield>
  </datafield>
</record>
</collection>
